@inproceedings{peters2018deep,
	title={Deep Contextualized Word Representations},
	author={Peters, Matthew and Neumann, Mark and Iyyer, Mohit and Gardner, Matt and Clark, Christopher and Lee, Kenton and Zettlemoyer, Luke},
	booktitle={Proceedings of NAACL},
	url={https://aclweb.org/anthology/N18-1202},
	year={2018}
}

@inproceedings{devlin2019bert,
	title={{BERT}: Pre-training of deep bidirectional transformers for language understanding},
	author={Devlin, Jacob and Chang, Ming-Wei and Lee, Kenton and Toutanova, Kristina},
	booktitle={Proceedings of NAACL},
	url={https://arxiv.org/abs/1810.04805},
	year={2019}
}

@inproceedings{akbik2018coling,
	title={Contextual String Embeddings for Sequence Labeling},
	author={Akbik, Alan and Blythe, Duncan and Vollgraf, Roland},
	booktitle = {Proceedings of COLING},
	url={https://aclweb.org/anthology/C18-1139},
	year      = {2018}
}

@article{chiu2016named,
	title={Named Entity Recognition with Bidirectional LSTM-CNNs},
	author={Chiu, Jason P. C. and Nichols, Eric},
	journal={Transactions of the Association of Computational Linguistics},
	volume={4},
	pages={357--370},
	year={2016},
	url={https://aclweb.org/anthology/Q16-1026}
}

@inproceedings{strubell2017fast,
	title={Fast and Accurate Entity Recognition with Iterated Dilated Convolutions},
	author={Strubell, Emma and Verga, Patrick and Belanger, David and McCallum, Andrew},
	booktitle={Proceedings of EMNLP},
	year={2017},
	url={https://www.aclweb.org/anthology/D17-1283}
}

@inproceedings{ghaddar2018robust,
	title={Robust Lexical Features for Improved Neural Network Named-Entity Recognition},
	author={Ghaddar, Abbas and Langlais, Phillippe},
	booktitle={Proceedings of COLING},
	year={2018},
	url={https://aclweb.org/anthology/C18-1161}
	
}


@inproceedings{lample2016neural,
	title={Neural Architectures for Named Entity Recognition},
	author={Lample, Guillaume and Ballesteros, Miguel and Subramanian, Sandeep and Kawakami, Kazuya and Dyer, Chris},
	booktitle={Proceedings of NAACL-HLT},
	year={2016},
	url={https://www.aclweb.org/anthology/N16-1030}
}


@inproceedings{li2017leveraging,
	title={Leveraging linguistic structures for named entity recognition with bidirectional recursive neural networks},
	author={Li, Peng-Hsuan and Dong, Ruo-Ping and Wang, Yu-Siang and Chou, Ju-Chieh and Ma, Wei-Yun},
	booktitle={Proceedings of EMNLP},
	year={2017},
	url={https://aclweb.org/anthology/D17-1282}
}

@inproceedings{tjong2003introduction,
	title={Introduction to the CoNLL-2003 shared task: Language-independent named entity recognition},
	author={Tjong Kim Sang, Erik F and De Meulder, Fien},
	booktitle={Proceedings of CoNLL},
	year={2003},
	url={http://aclweb.org/anthology/W03-0419}
}

@article{weischedel2013ontonotes,
	title={Ontonotes release 5.0 ldc2013t19},
	author={Weischedel, Ralph and Palmer, Martha and Marcus, Mitchell and Hovy, Eduard and Pradhan, Sameer and Ramshaw, Lance and Xue, Nianwen and Taylor, Ann and Kaufman, Jeff and Franchini, Michelle and others},
	journal={Linguistic Data Consortium},
	url={https://catalog.ldc.upenn.edu/docs/LDC2013T19/OntoNotes-Release-5.0.pdf},
	year={2013}
}

@inproceedings{sasano2008japanese,
	title={Japanese Named Entity Recognition Using Structural Natural Language Processing},
	author={Sasano, Ryohei and Kurohashi, Sadao},
	booktitle={Proceedings of IJCNLP},
	url={https://www.aclweb.org/anthology/I08-2080},
	year={2008}
}

@inproceedings{ling2012fine,
	title={Fine-Grained Entity Recognition},
	author={Ling, Xiao and Weld, Daniel S},
	booktitle={Proceedings of AAAI},
	url={http://dl.acm.org/citation.cfm?id=2900728.2900742},
	year={2012}
}

@article{cucchiarelli2001unsupervised,
	title={Unsupervised named entity recognition using syntactic and semantic contextual evidence},
	author={Cucchiarelli, Alessandro and Velardi, Paola},
	journal={Computational Linguistics},
	volume={27},
	number={1},
	pages={123--131},
	year={2001},
	url = {http://dl.acm.org/citation.cfm?id=972778.972784}
}

@inproceedings{jie2017efficient,
	author = {Jie, Zhanming and Muis, Aldrian Obaja and Lu, Wei},
	title = {Efficient Dependency-guided Named Entity Recognition},
	booktitle = {Proceedings of AAAI},
	year = {2017},
	url = {http://dl.acm.org/citation.cfm?id=3298023.3298071}
}


@book{eisenstein2019natural,
	author  = {Eisenstein, Jacob},
	title   = {Natural Language Processing},
	year    = "2019",
	publisher = {MIT Press}
}

@inproceedings{liu2010recognizing,
	title={Recognizing biomedical named entities using skip-chain conditional random fields},
	author={Liu, Jingchen and Huang, Minlie and Zhu, Xiaoyan},
	booktitle={Proceedings of the Workshop on BioNLP},
	url={https://www.aclweb.org/anthology/W10-1902},
	year={2010}
}

@inproceedings{sutton2004collective,
	title={Collective Segmentation and Labeling of Distant Entities in Information Extraction},
	author={Sutton, Charles and McCallum, Andrew},
	booktitle={Proceedings of the ICML Workshop on Statistical Relational Learning and Its Connections to Other Fields},
	url={https://www.research.ed.ac.uk/portal/files/14900035/tr_04_49.pdf},
	year={2004}
}


@article{cortes1995support,
	title={Support-vector networks},
	author={Cortes, Corinna and Vapnik, Vladimir},
	journal={Machine learning},
	volume={20},
	number={3},
	pages={273--297},
	year={1995},
	url={https://link.springer.com/content/pdf/10.1007/BF00994018.pdf},
	publisher={Springer}
}

@inproceedings{sarawagi2004semi,
	title={Semi-markov conditional random fields for information extraction},
	author={Sarawagi, Sunita and Cohen, William W},
	booktitle={Proceedings of NeurIPS},
	url={http://papers.nips.cc/paper/2648-semi-markov-conditional-random-fields-for-information-extraction.pdf},
	year={2004}
}

@inproceedings{finkel2009joint,
	title={Joint parsing and named entity recognition},
	author={Finkel, Jenny Rose and Manning, Christopher D},
	booktitle={Proceedings of NAACL},
	url={https://aclweb.org/anthology/N09-1037},
	year={2009}
}

@inproceedings{pradhan2013towards,
	title={Towards robust linguistic analysis using OntoNotes},
	author={Pradhan, Sameer and Moschitti, Alessandro and Xue, Nianwen and Ng, Hwee Tou and Bj{\"o}rkelund, Anders and Uryupina, Olga and Zhang, Yuchen and Zhong, Zhi},
	booktitle={Proceedings of CoNLL},
	url={https://www.aclweb.org/anthology/W13-3516},
	year={2013}
}

@inproceedings{zhang2018chinese,
	title={Chinese NER Using Lattice LSTM},
	author={Zhang, Yue and Yang, Jie},
	booktitle={Proceedings of ACL},
	url={https://www.aclweb.org/anthology/P18-1144},
	year={2018}
}

@article{nosirova2019effective,
	title={Effective Context and Fragment Feature Usage for Named Entity Recognition},
	author={Nosirova, Nargiza and Xu, Mingbin and Jiang, Hui},
	journal={arXiv preprint arXiv:1904.03305},
	url={https://arxiv.org/pdf/1904.03305.pdf},
	year={2019}
}

@article{hochreiter1997long,
	title={Long short-term memory},
	author={Hochreiter, Sepp and Schmidhuber, J{\"u}rgen},
	journal={Neural computation},
	volume={9},
	number={8},
	pages={1735--1780},
	year={1997},
	url={https://www.mitpressjournals.org/doi/pdfplus/10.1162/neco.1997.9.8.1735},
	publisher={MIT Press}
}

@inproceedings{kipf2017semi,
	title={Semi-Supervised Classification with Graph Convolutional Networks},
	author={Kipf, Thomas N and Welling, Max},
	booktitle={Proceedings of ICLR},
	url={https://openreview.net/pdf?id=SJU4ayYgl},
	year={2017}
}

@inproceedings{ramshaw1999text,
	title={Text chunking using transformation-based learning},
	author={Ramshaw, Lance A and Marcus, Mitchell P},
	booktitle={Proceedings of Third Workshop on Very Large Corpora},
	year={1999},
	url={https://www.aclweb.org/anthology/W95-0107}
}

@inproceedings{ratinov2009design,
	title={Design challenges and misconceptions in named entity recognition},
	author={Ratinov, Lev and Roth, Dan},
	booktitle={Proceedings of CoNLL},
	year={2009},
	url={http://www.aclweb.org/anthology/W09-1119}
}

@inproceedings{pennington2014glove,
	title={Glove: Global vectors for word representation},
	author={Pennington, Jeffrey and Socher, Richard and Manning, Christopher},
	booktitle={Proceedings of EMNLP},
	url={https://www.aclweb.org/anthology/D14-1162},
	year={2014}
}

@inproceedings{ma2016end,
	title={End-to-end Sequence Labeling via Bi-directional LSTM-CNNs-CRF},
	author={Ma, Xuezhe and Hovy, Eduard},
	booktitle={Proceedings of ACL},
	year={2016},
	url={http://www.aclweb.org/anthology/P16-1101}
}

@InProceedings{D17-1035,
	author = 	"Reimers, Nils
	and Gurevych, Iryna",
	title = 	"Reporting Score Distributions Makes a Difference: Performance Study of LSTM-networks for Sequence Tagging",
	booktitle = 	"Proceedings of EMNLP",
	year = 	"2017",
	url = "http://aclweb.org/anthology/D17-1035"
}

@inproceedings{zhang2018graph,
	title={Graph Convolution over Pruned Dependency Trees Improves Relation Extraction},
	author={Zhang, Yuhao and Qi, Peng and Manning, Christopher D},
	booktitle={Proceedings of EMNLP},
	url={https://aclweb.org/anthology/D18-1244},
	year={2018}
}

@inproceedings{marcheggiani2017encoding,
	title={Encoding Sentences with Graph Convolutional Networks for Semantic Role Labeling},
	author={Marcheggiani, Diego and Titov, Ivan},
	booktitle={Proceedings of EMNLP},
	url={https://www.aclweb.org/anthology/D17-1159},
	year={2017}
}

@inproceedings{recasens2010semeval,
	title={Semeval-2010 task 1: Coreference resolution in multiple languages},
	author={Recasens, Marta and M{\`a}rquez, Llu{\'\i}s and Sapena, Emili and Mart{\'\i}, M Ant{\`o}nia and Taul{\'e}, Mariona and Hoste, V{\'e}ronique and Poesio, Massimo and Versley, Yannick},
	booktitle={Proceedings of the 5th International Workshop on Semantic Evaluation},
	url={https://www.aclweb.org/anthology/S10-1001},
	year={2010}
}

@inproceedings{cotterell2017low,
	title={Low-resource named entity recognition with cross-lingual, character-level neural conditional random fields},
	author={Cotterell, Ryan and Duh, Kevin},
	booktitle={Proceedings of IJCNLP},
	url={https://www.aclweb.org/anthology/I17-2016},
	year={2017}
}

@inproceedings{manning2014stanford,
	title={The Stanford CoreNLP natural language processing toolkit},
	author={Manning, Christopher and Surdeanu, Mihai and Bauer, John and Finkel, Jenny and Bethard, Steven and McClosky, David},
	booktitle={Proceedings of ACL: System Demonstrations},
	url={https://www.aclweb.org/anthology/P14-5010},
	year={2014}
}

@inproceedings{pradhan2012conll,
	title={CoNLL-2012 shared task: Modeling multilingual unrestricted coreference in OntoNotes},
	author={Pradhan, Sameer and Moschitti, Alessandro and Xue, Nianwen and Uryupina, Olga and Zhang, Yuchen},
	booktitle={Proceedings of Joint EMNLP-CoNLL: Shared Task},
	url={https://www.aclweb.org/anthology/W12-4501},
	year={2012}
}


@InProceedings{che2018towards,
	author    = {Che, Wanxiang  and  Liu, Yijia  and  Wang, Yuxuan  and  Zheng, Bo  and  Liu, Ting},
	title     = {Towards Better {UD} Parsing: Deep Contextualized Word Embeddings, Ensemble, and Treebank Concatenation},
	booktitle = {Proceedings of the {CoNLL} 2018 Shared Task: Multilingual Parsing from Raw Text to Universal Dependencies},
	year      = {2018},
	url       = {http://www.aclweb.org/anthology/K18-2005}
}

@inproceedings{grave2018learning,
	title={Learning Word Vectors for 157 Languages},
	author={Grave, Edouard and Bojanowski, Piotr and Gupta, Prakhar and Joulin, Armand and Mikolov, Tomas},
	booktitle={Proceedings of LREC},
	url={https://www.aclweb.org/anthology/L18-1550},
	year={2018}
}

@InProceedings{lafferty2001conditional,
	title={Conditional Random Fields: Probabilistic Models for Segmenting and Labeling Sequence Data},
	author={Lafferty, John and McCallum, Andrew and Pereira, Fernando},
	booktitle={Proceedings of ICML},
	year={2001},
	url={http://dl.acm.org/citation.cfm?id=645530.655813}
}

@InProceedings{de2006generating,
	title={Generating typed dependency parses from phrase structure parses.},
	author={De Marneffe, Marie-Catherine and MacCartney, Bill and Manning, Christopher D and others},
	booktitle={Proceedings of LREC},
	url={http://www.lrec-conf.org/proceedings/lrec2006/pdf/440_pdf.pdf},
	year={2006}
}


@techreport{de2008stanford,
	title={Stanford typed dependencies manual},
	author={De Marneffe, Marie-Catherine and Manning, Christopher D},
	year={2008},
	url={https://nlp.stanford.edu/software/dependencies_manual.pdf},
	institution={Stanford University}
}

@inproceedings{koo2010efficient,
	title={Efficient third-order dependency parsers},
	author={Koo, Terry and Collins, Michael},
	booktitle={Proceedings of ACL},
	url={https://aclweb.org/anthology/P10-1001},
	year={2010}
}

@inproceedings{qi2018universal,
	author = {Qi, Peng  and  Dozat, Timothy  and  Zhang, Yuhao  and  Manning, Christopher D.},
	booktitle = {Proceedings of the {CoNLL} 2018 Shared Task: Multilingual Parsing from Raw Text to Universal Dependencies},
	title = {Universal Dependency Parsing from Scratch},
	url = {https://nlp.stanford.edu/pubs/qi2018universal.pdf},
	year = {2018}
}

@inproceedings{miwa2016end,
	title={End-to-End Relation Extraction using LSTMs on Sequences and Tree Structures},
	author={Miwa, Makoto and Bansal, Mohit},
	booktitle={Proceedings of ACL},
	url={https://www.aclweb.org/anthology/P16-1105},
	year={2016}
}

@inproceedings{peters2018dissecting,
	title={Dissecting Contextual Word Embeddings: Architecture and Representation},
	author={Peters, Matthew and Neumann, Mark and Zettlemoyer, Luke and Yih, Wen-tau},
	booktitle={Proceedings of EMNLP},
	url={https://aclweb.org/anthology/D18-1179},
	year={2018}
}

@unpublished{spacy2,
	author={Honnibal, Matthew AND Montani, Ines},
	TITLE   = {{spaCy 2}: Natural language understanding with Bloom embeddings, convolutional neural networks and incremental parsing},
	YEAR    = {2017},
	Note = {To appear}
}

@article{peters2019tune,
	title={To Tune or Not to Tune? Adapting Pretrained Representations to Diverse Tasks},
	author={Peters, Matthew and Ruder, Sebastian and Smith, Noah A},
	journal={arXiv preprint arXiv:1903.05987},
	url={https://arxiv.org/pdf/1903.05987.pdf},
	year={2019}
}

@InProceedings{mitchell2013open,
	author    = {Mitchell, Margaret  and  Aguilar, Jacqui  and  Wilson, Theresa  and  Van Durme, Benjamin},
	title     = {Open Domain Targeted Sentiment},
	booktitle = {Proceedings of EMNLP},
	year      = {2013},
	url       = {http://www.aclweb.org/anthology/D13-1171}
}

@inproceedings{lee2017end,
	title={End-to-end Neural Coreference Resolution},
	author={Lee, Kenton and He, Luheng and Lewis, Mike and Zettlemoyer, Luke},
	booktitle={Proceedings of EMNLP},
	url={https://aclweb.org/anthology/D17-1018},
	year={2017}
}

@inproceedings{dong2018coarse,
	title={Coarse-to-Fine Decoding for Neural Semantic Parsing},
	author={Dong, Li and Lapata, Mirella},
	booktitle={Proceedings of ACL},
	url={https://www.aclweb.org/anthology/P18-1068},
	year={2018}
}

@inproceedings{finkel2005incorporating,
	title={Incorporating non-local information into information extraction systems by gibbs sampling},
	author={Finkel, Jenny Rose and Grenager, Trond and Manning, Christopher},
	booktitle={Proceedings of ACL},
	url={https://www.aclweb.org/anthology/P05-1045},
	year={2005}
}

@inproceedings{xie2018neural,
	title={Neural Cross-Lingual Named Entity Recognition with Minimal Resources},
	author={Xie, Jiateng and Yang, Zhilin and Neubig, Graham and Smith, Noah A and Carbonell, Jaime},
	booktitle={Proceedings of EMNLP},
	url={https://www.aclweb.org/anthology/D18-1034},
	year={2018}
}

@inproceedings{dozat2017deep,
  title={Deep biaffine attention for neural dependency parsing},
  author={Dozat, Timothy and Manning, Christopher D},
  booktitle={Proceedings of ICLR},
  url={https://openreview.net/pdf?id=Hk95PK9le},
  year={2017}
}

@inproceedings{Gardner2017AllenNLP,
  title={AllenNLP: A Deep Semantic Natural Language Processing Platform},
  author={Matt Gardner and Joel Grus and Mark Neumann and Oyvind Tafjord
    and Pradeep Dasigi and Nelson F. Liu and Matthew Peters and
    Michael Schmitz and Luke S. Zettlemoyer},
  booktitle={Proceedings of Workshop for NLP-OSS},
  year={2017},
  url={https://arxiv.org/pdf/1803.07640.pdf}
}


@inproceedings{berg2012empirical,
  title={An Empirical Investigation of Statistical Significance in NLP},
  author={Berg-Kirkpatrick, Taylor and Burkett, David and Klein, Dan},
  booktitle={Proceedings of EMNLP-CoNLL},
  url={https://www.aclweb.org/anthology/D12-1091},
  year={2012}
}