@inproceedings{lafferty2001conditional,
	title={Conditional random fields: Probabilistic models for segmenting and labeling sequence data},
	author={Lafferty, John and McCallum, Andrew and Pereira, Fernando CN},
	booktitle={Proceedings of ICML},
	year={2001}
}

@inproceedings{cohn2005semantic,
	title={Semantic role labelling with tree conditional random fields},
	author={Cohn, Trevor and Blunsom, Philip},
	booktitle={Proceedings of CoNLL},
	year={2005}
}

@incollection{eisner2000bilexical,
	title={Bilexical grammars and their cubic-time parsing algorithms},
	author={Eisner, Jason},
	booktitle={Advances in probabilistic and other parsing technologies},
	pages={29--61},
	year={2000},
	publisher={Springer}
}

@inproceedings{ratinov2009design,
  title={Design challenges and misconceptions in named entity recognition},
  author={Ratinov, Lev and Roth, Dan},
  booktitle={Proceedings of CoNLL},
  year={2009}
}

@article{liang2013learning,
	title={Learning dependency-based compositional semantics},
	author={Liang, Percy and Jordan, Michael I and Klein, Dan},
	journal={Computational Linguistics},
	volume={39},
	number={2},
	pages={389--446},
	year={2013},
	publisher={MIT Press}
}

@inproceedings{koo2010efficient,
	title={Efficient third-order dependency parsers},
	author={Koo, Terry and Collins, Michael},
	booktitle={Proceedings of ACL},
	year={2010}
}

@inproceedings{poon2009unsupervised,
	title={Unsupervised semantic parsing},
	author={Poon, Hoifung and Domingos, Pedro},
	booktitle={Proceedings of EMNLP},
	year={2009}
}

@article{byrd1995limited,
	title={A Limited memory algorithm for bound constrained optimization},
	author={Byrd, Richard H and Lu, Peihuang and Nocedal, Jorge and Zhu, Ciyou},
	journal={SIAM Journal on Scientific Computing},
	volume={16},
	number={5},
	pages={1190--1208},
	year={1995},
	publisher={SIAM}
}

@inproceedings{finkel2009joint,
	title={Joint parsing and named entity recognition},
	author={Finkel, Jenny Rose and Manning, Christopher D},
	booktitle={Proceedings of NAACL},
	year={2009}
}

@inproceedings{johansson2007a,
	title = {Extended Constituent-to-dependency Conversion for {E}nglish},
	booktitle = {Proceedings of NODALIDA 2007},
	author = {Richard Johansson and Pierre Nugues},
	month = {May 25-26},
	year = {2007},
	pages = {105-112},
	address = {Tartu, Estonia},
}

@inproceedings{sarawagi2004semi,
	title={Semi-markov conditional random fields for information extraction},
	author={Sarawagi, Sunita and Cohen, William W},
	booktitle={Proceedings of NeurIPS},
	year={2004}
}

@inproceedings{lee2012joint,
	title={Joint entity and event coreference resolution across documents},
	author={Lee, Heeyoung and Recasens, Marta and Chang, Angel and Surdeanu, Mihai and Jurafsky, Dan},
	booktitle={Proceedings of EMNLP-CoNLL},
	year={2012}
}

@article{krishnamurthy2015learning,
	title={Learning a compositional semantics for Freebase with an open predicate vocabulary},
	author={Krishnamurthy, Jayant and Mitchell, Tom M},
	journal={Transactions of the Association for Computational Linguistics},
	volume={3},
	pages={257--270},
	year={2015}
}

@article{lao2010relational,
	title={Relational retrieval using a combination of path-constrained random walks},
	author={Lao, Ni and Cohen, William W},
	journal={Machine learning},
	volume={81},
	number={1},
	pages={53--67},
	year={2010},
	publisher={Springer}
}

@inproceedings{mccallum2003early,
	title={Early results for named entity recognition with conditional random fields, feature induction and web-enhanced lexicons},
	author={McCallum, Andrew and Li, Wei},
	booktitle={Proceedings of NAACL},
	year={2003}
}

@inproceedings{ling2012fine,
	title={Fine-Grained Entity Recognition},
	author={Ling, Xiao and Weld, Daniel S},
	booktitle={Proceedings of AAAI},
	year={2012}
}

@inproceedings{tkachenko2012named,
	title={Named entity recognition: Exploring features.},
	author={Tkachenko, Maksim and Simanovsky, Andrey},
	booktitle={Proceedings of KONVENS},
	year={2012}
}

@inproceedings{settles2004biomedical,
	title={Biomedical named entity recognition using conditional random fields and rich feature sets},
	author={Settles, Burr},
	booktitle={Proceedings of the International Joint Workshop on Natural Language Processing in Biomedicine and its Applications},
	year={2004}
}

@inproceedings{okanohara2006improving,
	title={Improving the scalability of semi-markov conditional random fields for named entity recognition},
	author={Okanohara, Daisuke and Miyao, Yusuke and Tsuruoka, Yoshimasa and Tsujii, Jun'ichi},
	booktitle={Proceedings of COLING-ACL},
	year={2006}
}

@inproceedings{liu2010recognizing,
	title={Recognizing biomedical named entities using skip-chain conditional random fields},
	author={Liu, Jingchen and Huang, Minlie and Zhu, Xiaoyan},
	booktitle={Proceedings of the Workshop on BioNLP},
	year={2010}
}

@inproceedings{yang2012extracting,
	title={Extracting opinion expressions with semi-markov conditional random fields},
	author={Yang, Bishan and Cardie, Claire},
	booktitle={Proceedings of EMNLP-CoNLL},
	year={2012}
}

@inproceedings{chen2014fast,
	title={A Fast and Accurate Dependency Parser using Neural Networks.},
	author={Chen, Danqi and Manning, Christopher D},
	booktitle={Proceedings of EMNLP},
	year={2014}
}

@inproceedings{muisweak,
	title={Weak Semi-Markov CRFs for NP Chunking in Informal Text},
	author={Muis, Aldrian Obaja and Lu, Wei},
	booktitle={Proceedings of NAACL},
	year={2016}
}

@inproceedings{de2006generating,
	title={Generating typed dependency parses from phrase structure parses},
	author={De Marneffe, Marie-Catherine and MacCartney, Bill and Manning, Christopher D and others},
	booktitle={Proceedings of LREC},
	year={2006}
}

@article{finkel2005exploring,
	title={Exploring the boundaries: gene and protein identification in biomedical text},
	author={Finkel, Jenny and Dingare, Shipra and Manning, Christopher D and Nissim, Malvina and Alex, Beatrice and Grover, Claire},
	journal={BMC bioinformatics},
	volume={6},
	number={1},
	pages={1},
	year={2005},
	publisher={BioMed Central}
}

@inproceedings{nivre2006maltparser,
	title={Maltparser: A data-driven parser-generator for dependency parsing},
	author={Nivre, Joakim and Hall, Johan and Nilsson, Jens},
	booktitle={Proceedings of LREC},
	year={2006}
}
@inproceedings{de2016transition,
	title={Transition-based dependency parsing with topological fields},
	author={de Kok, Dani{\"e}l and Hinrichs, Erhard and f{\"u}r Sprachwissenschaft, Seminar},
	booktitle={Proceedings of ACL},
	year={2016}
}

@article{bohnetgeneralized,
	title={Generalized Transition-based Dependency Parsing via Control Parameters},
	author={Bohnet, Bernd and McDonald, Ryan and Pitler, Emily and Ma, Ji},
	booktitle={Proceedings of ACL},
	year={2016}
}

@inproceedings{finkel2005incorporating,
	title={Incorporating non-local information into information extraction systems by gibbs sampling},
	author={Finkel, Jenny Rose and Grenager, Trond and Manning, Christopher},
	booktitle={Proceedings of ACL},
	year={2005}
}

@article{chiu2015named,
	title={Named entity recognition with bidirectional lstm-cnns},
	author={Chiu, Jason PC and Nichols, Eric},
	journal={Transaction of Association for Computational Linguistics},
	year={2016}
}

@inproceedings{mcdonald2005online,
	title={Online large-margin training of dependency parsers},
	author={McDonald, Ryan and Crammer, Koby and Pereira, Fernando},
	booktitle={Proceedings of ACL},
	year={2005}
}

@inproceedings{mccallum2000maximum,
	title={Maximum Entropy Markov Models for Information Extraction and Segmentation.},
	author={McCallum, Andrew and Freitag, Dayne and Pereira, Fernando CN},
	booktitle={Proceedings of ICML},
	year={2000}
}

@inproceedings{zhou2002named,
	title={Named entity recognition using an HMM-based chunk tagger},
	author={Zhou, GuoDong and Su, Jian},
	booktitle={Proceedings of ACL},
	year={2002}
}

@inproceedings{koehn2004statistical,
	title={Statistical Significance Tests for Machine Translation Evaluation.},
	author={Koehn, Philipp},
	booktitle={Proceedings of EMNLP},
	year={2004}
}

@inproceedings{finkel2010hierarchical,
	title={Hierarchical joint learning: Improving joint parsing and named entity recognition with non-jointly labeled data},
	author={Finkel, Jenny Rose and Manning, Christopher D},
	booktitle={Proceedings of ACL},
	year={2010}
}

@inproceedings{sasano2008japanese,
	title={Japanese Named Entity Recognition Using Structural Natural Language Processing.},
	author={Sasano, Ryohei and Kurohashi, Sadao},
	booktitle={Proceedings of IJCNLP},
	year={2008}
}

@article{cucchiarelli2001unsupervised,
	title={Unsupervised named entity recognition using syntactic and semantic contextual evidence},
	author={Cucchiarelli, Alessandro and Velardi, Paola},
	journal={Computational Linguistics},
	volume={27},
	number={1},
	pages={123--131},
	year={2001}
}

@inproceedings{muis2016weak,
	author    = {Muis, Aldrian Obaja  and  Lu, Wei},
	title     = {Weak Semi-Markov CRFs for Noun Phrase Chunking in Informal Text},
	booktitle = {Proceedings of NAACL},
	year      = {2016}
}

@inproceedings{lu2015joint,
	title={Joint mention extraction and classification with mention hypergraphs},
	author={Lu, Wei and Roth, Dan},
	booktitle={Proceedings of EMNLP},
	year={2015}
}

@article{kazama2008inducing,
	title={Inducing gazetteers for named entity recognition by large-scale clustering of dependency relations},
	author={Kazama, Junâ€™ichi and Torisawa, Kentaro},
	journal={Proceedings of ACL},
	year={2008}
}

@book{Aigner2010,
	author = {Aigner, Martin and Ziegler, G{\"{u}}nter M.},
	doi = {10.1007/978-3-642-00856-6},
	edition = {4th},
	isbn = {978-3-642-00855-9},
	publisher = {Springer Berlin Heidelberg},
	title = {Proofs from THE BOOK},
	url = {http://www.bioinfo.org.cn/{~}wangchao/maa/r.Proofs{\_}from{\_}THE{\_}BOOK{\_}4th.pdf http://link.springer.com/10.1007/978-3-642-00856-6},
	year = {2010}
}

@inproceedings{muis2016learning,
	title={Learning to Recognize Discontiguous Entities},
	author={Muis, Aldrian Obaja and Lu, Wei},
	booktitle={Proceedings of EMNLP},
	year={2016}
}
