
@inproceedings{lu2014semantic,
	title={Semantic parsing with relaxed hybrid trees},
	author={Lu, Wei},
	booktitle={Proceedings of EMNLP},
	year={2014}
}


@inproceedings{susanto2017neural,
	title={Neural Architectures for Multilingual Semantic Parsing},
	author={Susanto, Raymond Hendy and Lu, Wei},
	booktitle={Proceedings of ACL},
	year={2017}
}

@inproceedings{zelle1996learning,
	title={Learning to parse database queries using inductive logic programming},
	author={Zelle, John M and Mooney, Raymond J},
	booktitle={Proceedings of AAAI},
	year={1996}
}

@inproceedings{zettlemoyer2005learning,
	title={Learning to map sentences to logical form: Structured classification with probabilistic categorial grammars},
	author={Zettlemoyer, Luke S and Collins, Michael},
	booktitle={Proceedings of UAI},
	year={2005}
}

@inproceedings{debusmann2004relational,
	title={A relational syntax-semantics interface based on dependency grammar},
	author={Debusmann, Ralph and Duchier, Denys and Koller, Alexander and Kuhlmann, Marco and Smolka, Gert and Thater, Stefan},
	booktitle={Proceedings of COLING},
	year={2004}
}

@inproceedings{cimiano2009flexible,
	title={Flexible semantic composition with DUDES},
	author={Cimiano, Philipp},
	booktitle={Proceedings of ICCS},
	year={2009}
}

@article{stanovsky2016getting,
	title={Getting more out of syntax with PROPS},
	author={Stanovsky, Gabriel and Ficler, Jessica and Dagan, Ido and Goldberg, Yoav},
	journal={arXiv preprint arXiv:1603.01648},
	year={2016}
}

@inproceedings{bedaride2011deep,
	title={Deep semantics for dependency structures},
	author={B{\'e}daride, Paul and Gardent, Claire},
	booktitle={Proceedings of CICLing},
	year={2011}
}

@inproceedings{kate2006using,
	title={Using string-kernels for learning semantic parsers},
	author={Kate, Rohit J and Mooney, Raymond J},
	booktitle={Proceedings of COLING/ACL},
	year={2006}
}

@inproceedings{wong2006learning,
	title={Learning for semantic parsing with statistical machine translation},
	author={Wong, Yuk Wah and Mooney, Raymond J},
	booktitle={Proceedings of NAACL},
	year={2006}
}

@inproceedings{lu2008generative,
	title={A generative model for parsing natural language to meaning representations},
	author={Lu, Wei and Ng, Hwee Tou and Lee, Wee Sun and Zettlemoyer, Luke S},
	booktitle={Proceedings of EMNLP},
	year={2008}
}

@inproceedings{kwiatkowski2010inducing,
	title={Inducing probabilistic CCG grammars from logical form with higher-order unification},
	author={Kwiatkowski, Tom and Zettlemoyer, Luke and Goldwater, Sharon and Steedman, Mark},
	booktitle={Proceedings of EMNLP},
	year={2010}
}

@inproceedings{jie2014multilingual,
	title={Multilingual semantic parsing: Parsing multiple languages into semantic representations},
	author={Jie, Zhanming and Lu, Wei},
	booktitle={Proceedings of COLING},
	year={2014}
}

@inproceedings{liang11learning,
	title={Learning Dependency-Based Compositional Semantics},
	author={Liang, Percy and Jordan, Michael I and Klein, Dan},
	booktitle={Proceedings of NNACL},
	year={2011}
}

@article{reddy2016transforming,
	title={Transforming dependency structures to logical forms for semantic parsing},
	author={Reddy, Siva and T{\"a}ckstr{\"o}m, Oscar and Collins, Michael and Kwiatkowski, Tom and Das, Dipanjan and Steedman, Mark and Lapata, Mirella},
	journal={Transactions of the Association for Computational Linguistics},
	volume={4},
	pages={127--140},
	year={2016}
}

@article{krishnamurthy2015learning,
	title={Learning a compositional semantics for Freebase with an open predicate vocabulary},
	author={Krishnamurthy, Jayant and Mitchell, Tom M},
	journal={Transactions of the Association for Computational Linguistics},
	volume={3},
	pages={257--270},
	year={2015}
}

@inproceedings{dong2016language,
	title={Language to Logical Form with Neural Attention},
	author={Dong, Li and Lapata, Mirella},
	booktitle={Proceedings of ACL},
	year={2016}
}

@inproceedings{cheng2017learning,
	title={Learning Structured Natural Language Representations for Semantic Parsing},
	author={Cheng, Jianpeng and Reddy, Siva and Saraswat, Vijay and Lapata, Mirella},
	booktitle={Proceedings of ACL},
	year={2017}
}

@inproceedings{jones2012semantic,
	title={Semantic parsing with bayesian tree transducers},
	author={Jones, Bevan Keeley and Johnson, Mark and Goldwater, Sharon},
	booktitle={Proceedings of ACL},
	year={2012},
}

@inproceedings{reddy2017universal,
	title={Universal Semantic Parsing},
	author={Reddy, Siva and T{\"a}ckstr{\"o}m, Oscar and Petrov, Slav and Steedman, Mark and Lapata, Mirella},
	booktitle={Proceedings of EMNLP},
	year={2017}
}

@inproceedings{susanto2017neural,
	title={Neural Architectures for Multilingual Semantic Parsing},
	author={Susanto, Raymond Hendy and Lu, Wei},
	booktitle={Proceedings of ACL},
	year={2017}
}

@inproceedings{koo2010efficient,
	title={Efficient third-order dependency parsers},
	author={Koo, Terry and Collins, Michael},
	booktitle={Proceedings of ACL},
	year={2010}
}

@incollection{eisner2000bilexical,
	title={Bilexical grammars and their cubic-time parsing algorithms},
	author={Eisner, Jason},
	booktitle={Advances in probabilistic and other parsing technologies},
	pages={29--61},
	year={2000},
	publisher={Springer}
}

@inproceedings{shi2017fast,
	title={Fast (er) Exact Decoding and Global Training for Transition-Based Dependency Parsing via a Minimal Feature Set},
	author={Shi, Tianze and Huang, Liang and Lee, Lillian},
	booktitle={Proceedings of EMNLP},
	year={2017}
}

@inproceedings{lu2015constrained,
	title={Constrained semantic forests for improved discriminative semantic parsing},
	author={Lu, Wei},
	booktitle={Proceedings of ACL},
	year={2015}
}

@inproceedings{wong2007learning,
	title={Learning synchronous grammars for semantic parsing with lambda calculus},
	author={Wong, Yuk Wah and Mooney, Raymond},
	booktitle={Proceedings of ACL},
	year={2007}
}

@article{liang2013learning,
	title={Learning dependency-based compositional semantics},
	author={Liang, Percy and Jordan, Michael I and Klein, Dan},
	journal={Computational Linguistics},
	volume={39},
	number={2},
	pages={389--446},
	year={2013},
	publisher={MIT Press}
}

@article{liang2013lambda,
	title={Lambda dependency-based compositional semantics},
	author={Liang, Percy},
	journal={Technical Report arXiv},
	year={2013}
}

@article{steedman1996surface,
	title={Surface structure and interpretation},
	author={Steedman, Mark},
	year={1996},
	publisher={MIT press}
}

@inproceedings{oepen2015semeval,
	title={Semeval 2015 task 18: Broad-coverage semantic dependency parsing},
	author={Oepen, Stephan and Kuhlmann, Marco and Miyao, Yusuke and Zeman, Daniel and Cinkov{\'a}, Silvie and Flickinger, Dan and Hajic, Jan and Uresova, Zdenka},
	booktitle={Proceedings of SemEval},
	year={2015}
}

@inproceedings{nivre2006maltparser,
	title={Maltparser: A data-driven parser-generator for dependency parsing},
	author={Nivre, Joakim and Hall, Johan and Nilsson, Jens},
	booktitle={Proceedings of LREC},
	year={2006}
}

@inproceedings{chen2014fast,
	title={A fast and accurate dependency parser using neural networks},
	author={Chen, Danqi and Manning, Christopher},
	booktitle={Proceedings of EMNLP},
	year={2014}
}

@inproceedings{gardner2017open,
	title={Open-Vocabulary Semantic Parsing with both Distributional Statistics and Formal Knowledge.},
	author={Gardner, Matt and Krishnamurthy, Jayant},
	booktitle={Proceedings of AAAI},
	year={2017}
}

@inproceedings{quattoni2005conditional,
	title={Conditional random fields for object recognition},
	author={Quattoni, Ariadna and Collins, Michael and Darrell, Trevor},
	booktitle={Proceedings of NIPS},
	year={2005}
}

@inproceedings{wang2015building,
	title={Building a semantic parser overnight},
	author={Wang, Yushi and Berant, Jonathan and Liang, Percy},
	booktitle={Proceedings of ACL-IJCNLP},
	pages={1332--1342},
	year={2015}
}

@InProceedings{jia-liang:2016:P16-1,
	author    = {Jia, Robin  and  Liang, Percy},
	title     = {Data Recombination for Neural Semantic Parsing},
	booktitle = {Proceedings of ACL},
	year      = {2016}
}

@inproceedings{berant2013semantic,
	title={Semantic parsing on freebase from question-answer pairs},
	author={Berant, Jonathan and Chou, Andrew and Frostig, Roy and Liang, Percy},
	booktitle={Proceedings of EMNLP},
	year={2013}
}

@inproceedings{jones2012semantic,
	title={Semantic parsing with bayesian tree transducers},
	author={Jones, Bevan Keeley and Johnson, Mark and Goldwater, Sharon},
	booktitle={Proceedings of ACL},
	year={2012}
}

@inproceedings{susanto2017semantic,
	title={Semantic Parsing with Neural Hybrid Trees.},
	author={Susanto, Raymond Hendy and Lu, Wei},
	booktitle={Proceedings of AAAI},
	year={2017}
}

@InProceedings{polyglot:2013:ACL-CoNLL,
	author    = {Al-Rfou, Rami  and  Perozzi, Bryan  and  Skiena, Steven},
	title     = {Polyglot: Distributed Word Representations for Multilingual NLP},
	booktitle = {Proceedings of CoNLL},
	year      = {2013},
	url       = {http://www.aclweb.org/anthology/W13-3520}
}


@InProceedings{lafferty2001conditional,
	title={Conditional Random Fields: Probabilistic Models for Segmenting and Labeling Sequence Data},
	author={Lafferty, John and McCallum, Andrew and Pereira, Fernando},
	booktitle={Proceedings of ICML},
	year={2001}
}

@article{liu1989limited,
	title={On the limited memory BFGS method for large scale optimization},
	author={Liu, Dong C and Nocedal, Jorge},
	journal={Mathematical programming},
	volume={45},
	number={1},
	pages={503--528},
	year={1989},
	publisher={Springer}
}

@article{baker1979trainable,
	title={Trainable grammars for speech recognition},
	author={Baker, James K},
	journal={The Journal of the Acoustical Society of America},
	volume={65},
	number={S1},
	pages={S132--S132},
	year={1979}
}

@inproceedings{mcdonald2005online,
	title={Online large-margin training of dependency parsers},
	author={McDonald, Ryan and Crammer, Koby and Pereira, Fernando},
	booktitle={Proceedings of ACL},
	year={2005},
}

@inproceedings{eisner1996three,
	title={Three new probabilistic models for dependency parsing: An exploration},
	author={Eisner, Jason M},
	booktitle={Proceedings of COLING},
	year={1996}
}

@inproceedings{nivre2004deterministic,
	title={Deterministic dependency parsing of English text},
	author={Nivre, Joakim and Scholz, Mario},
	booktitle={Proceedings of COLING},
	year={2004}
}

@inproceedings{lu2011probabilistic,
	title={A probabilistic forest-to-string model for language generation from typed lambda calculus expressions},
	author={Lu, Wei and Ng, Hwee Tou},
	booktitle={Proceedings of EMNLP},
	year={2011}
}

@inproceedings{collobert2011torch7,
	title={Torch7: A matlab-like environment for machine learning},
	author={Collobert, Ronan and Kavukcuoglu, Koray and Farabet, Cl{\'e}ment},
	booktitle={Proceedings of BigLearn, NIPS workshop},
	year={2011}
}

@inproceedings{lample2016neural,
	title={Neural Architectures for Named Entity Recognition},
	author={Lample, Guillaume and Ballesteros, Miguel and Subramanian, Sandeep and Kawakami, Kazuya and Dyer, Chris},
	booktitle={Proceedings of NAACL},
	year={2016}
}

@inproceedings{durrett2015neural,
	title={Neural CRF Parsing},
	author={Durrett, Greg and Klein, Dan},
	booktitle={Proceedings of ACL-IJCNLP},
	year={2015}
}

@inproceedings{artieres2010neural,
	title={Neural conditional random fields},
	author={Do, Trinh-Minh-Tri and Artieres, Thierry},
	booktitle={Proceedings of AISTAT},
	year={2010}
}

@phdthesis{gormley2015graphical,
	title={Graphical Models with Structured Factors, Neural Factors, and Approximation-Aware Training},
	author={Gormley, Matthew R},
	year={2015}
}

@inproceedings{le2011optimization,
	title={On optimization methods for deep learning},
	author={Le, Quoc V and Ngiam, Jiquan and Coates, Adam and Lahiri, Abhik and Prochnow, Bobby and Ng, Andrew Y},
	booktitle={Proceedings of the 28th International Conference on International Conference on Machine Learning},
	year={2011}
}

@article{hochreiter1997long,
	title={Long short-term memory},
	author={Hochreiter, Sepp and Schmidhuber, J{\"u}rgen},
	journal={Neural computation},
	volume={9},
	number={8},
	pages={1735--1780},
	year={1997}
}

@inproceedings{socher2013recursive,
	title={Recursive deep models for semantic compositionality over a sentiment treebank},
	author={Socher, Richard and Perelygin, Alex and Wu, Jean and Chuang, Jason and Manning, Christopher D and Ng, Andrew and Potts, Christopher},
	booktitle={Proceedings of EMNLP},
	year={2013}
}

@inproceedings{chen2016thorough,
	title={A Thorough Examination of the CNN/Daily Mail Reading Comprehension Task},
	author={Chen, Danqi and Bolton, Jason and Manning, Christopher D},
	booktitle={Proceedings of ACL},
	year={2016}
}

@inproceedings{zelle1996learning,
	title={Learning to parse database queries using inductive logic programming},
	author={Zelle, John M and Mooney, Raymond J},
	booktitle={Proceedings of the national conference on artificial intelligence},
	year={1996}
}

@InProceedings{P18-1033,
	author = 	"Finegan-Dollak, Catherine
	and Kummerfeld, Jonathan K.
	and Zhang, Li
	and Ramanathan, Karthik
	and Sadasivam, Sesh
	and Zhang, Rui
	and Radev, Dragomir",
	title = 	"Improving Text-to-SQL Evaluation Methodology",
	booktitle = 	"Proceedings of ACL",
	year = 	"2018",
	url = 	"http://aclweb.org/anthology/P18-1033"
}


@inproceedings{titov2011bayesian,
	title={A Bayesian model for unsupervised semantic parsing},
	author={Titov, Ivan and Klementiev, Alexandre},
	booktitle={Proceedings of ACL},
	year={2011}
}

@inproceedings{poon2013grounded,
	title={Grounded unsupervised semantic parsing},
	author={Poon, Hoifung},
	booktitle={Proceedings of ACL},
	year={2013}
}

@inproceedings{kate2005learning,
	title={Learning to transform natural to formal languages},
	author={Kate, Rohit J and Wong, Yuk Wah and Mooney, Raymond J},
	booktitle={Proceedings of AAAI},
	year={2005},
}

@inproceedings{lu2017unified,
	title={A Unified Framework for Structured Prediction: From Theory to Practice},
	author={Lu, Wei},
	booktitle={Proceedings of EMNLP (Tutorial)},
	year={2017}
}

@InProceedings{yan2018learn,
	author = 	"Zou, Yanyan
	and Lu, Wei",
	title = 	"Learning Cross-lingual Distributed Logical Representations for Semantic Parsing",
	booktitle = 	"Proceedings of ACL",
	year = 	"2018",
	url = 	"http://aclweb.org/anthology/P18-2107"
}
