
@book{jurafsky2000speech,
	title={Speech \& language processing},
	author={Jurafsky, Dan},
	year={2000},
	publisher={Pearson Education India},
	url={https://web.stanford.edu/~jurafsky/slp3/}
}

@inproceedings{tjong2003introduction,
	title={Introduction to the CoNLL-2003 shared task: Language-independent named entity recognition},
	author={Tjong Kim Sang, Erik F and De Meulder, Fien},
	booktitle={Proceedings of CoNLL},
	year={2003},
	url={http://aclweb.org/anthology/W03-0419}
}

@inproceedings{jie2017efficient,
	title={Efficient dependency-guided named entity recognition},
	author={Jie, Zhanming and Muis, Aldrian Obaja and Lu, Wei},
	booktitle={Proceedings of AAAI},
	year={2017},
	url={https://arxiv.org/abs/1810.08436}
}

@inproceedings{jie2019dependency,
	title={Dependency-Guided LSTM-CRF for Named Entity Recognition},
	author={Jie, Zhanming and Lu, Wei},
	booktitle={Proceedings of EMNLP-IJCNLP},
	year={2019},
	url={https://www.aclweb.org/anthology/D19-1399.pdf}
}


@article{reddy2016transforming,
	title={Transforming dependency structures to logical forms for semantic parsing},
	author={Reddy, Siva and T{\"a}ckstr{\"o}m, Oscar and Collins, Michael and Kwiatkowski, Tom and Das, Dipanjan and Steedman, Mark and Lapata, Mirella},
	journal={Transactions of the Association for Computational Linguistics},
	volume={4},
	pages={127--140},
	year={2016},
	url={https://www.aclweb.org/anthology/Q16-1010.pdf}
}

@article{weischedel2013ontonotes,
	title={Ontonotes release 5.0 ldc2013t19},
	author={Weischedel, Ralph and Palmer, Martha and Marcus, Mitchell and Hovy, Eduard and Pradhan, Sameer and Ramshaw, Lance and Xue, Nianwen and Taylor, Ann and Kaufman, Jeff and Franchini, Michelle and others},
	journal={Linguistic Data Consortium},
	url={https://catalog.ldc.upenn.edu/docs/LDC2013T19/OntoNotes-Release-5.0.pdf},
	year={2013}
}


@inproceedings{nivre2016universal,
	title={Universal dependencies v1: A multilingual treebank collection},
	author={Nivre, Joakim and De Marneffe, Marie-Catherine and Ginter, Filip and Goldberg, Yoav and Hajic, Jan and Manning, Christopher D and McDonald, Ryan and Petrov, Slav and Pyysalo, Sampo and Silveira, Natalia and others},
	booktitle={Proceedings of LREC},
	url={https://www.aclweb.org/anthology/L16-1262.pdf},
	year={2016}
}

@article{hochreiter1997long,
	title={Long short-term memory},
	author={Hochreiter, Sepp and Schmidhuber, J{\"u}rgen},
	journal={Neural computation},
	volume={9},
	number={8},
	pages={1735--1780},
	year={1997},
	url={https://www.mitpressjournals.org/doi/pdfplus/10.1162/neco.1997.9.8.1735},
	publisher={MIT Press}
}

@inproceedings{jie2018dependency,
	title={Dependency-based Hybrid Trees for Semantic Parsing},
	author={Jie, Zhanming and Lu, Wei},
	booktitle={Proceedings of EMNLP},
	url={https://www.aclweb.org/anthology/D18-1265.pdf},
	year={2018}
}

@inproceedings{sasano2008japanese,
	title={Japanese Named Entity Recognition Using Structural Natural Language Processing},
	author={Sasano, Ryohei and Kurohashi, Sadao},
	booktitle={Proceedings of IJCNLP},
	url={https://www.aclweb.org/anthology/I08-2080},
	year={2008}
}

@article{cortes1995support,
	title={Support-vector networks},
	author={Cortes, Corinna and Vapnik, Vladimir},
	journal={Machine learning},
	volume={20},
	number={3},
	pages={273--297},
	year={1995},
	url={https://link.springer.com/content/pdf/10.1007/BF00994018.pdf},
	publisher={Springer}
}

@inproceedings{ling2012fine,
	title={Fine-Grained Entity Recognition},
	author={Ling, Xiao and Weld, Daniel S},
	booktitle={Proceedings of AAAI},
	url={http://dl.acm.org/citation.cfm?id=2900728.2900742},
	year={2012}
}

@inproceedings{mikolov2013distributed,
	title={Distributed representations of words and phrases and their compositionality},
	author={Mikolov, Tomas and Sutskever, Ilya and Chen, Kai and Corrado, Greg S and Dean, Jeff},
	booktitle={Proceedings of NeurIPS},
	url={https://papers.nips.cc/paper/5021-distributed-representations-of-words-and-phrases-and-their-compositionality.pdf},
	year={2013}
}

@article{smith2019contextual,
	title={Contextual word representations: A contextual introduction},
	author={Smith, Noah A},
	journal={arXiv preprint arXiv:1902.06006},
	year={2019}
}

@article{chomsky1956three,
	title={Three models for the description of language},
	author={Chomsky, Noam},
	journal={IRE Transactions on information theory},
	volume={2},
	number={3},
	pages={113--124},
	year={1956},
	publisher={IEEE}
}

@article{greenberg1963some,
	title={Some universals of grammar with particular reference to the order of meaningful elements},
	author={Greenberg, Joseph},
	journal={In J. Greenberg, ed., Universals of Language. 73-113. Cambridge, MA.},
	year={1963},
	publisher={mit Press}
}

@inproceedings{jie2019better,
	title={Better modeling of incomplete annotations for named entity recognition},
	author={Jie, Zhanming and Xie, Pengjun and Lu, Wei and Ding, Ruixue and Li, Linlin},
	booktitle={Proceedings of NAACL},
	year={2019},
	url={https://www.aclweb.org/anthology/N19-1079.pdf}
}

@inproceedings{mayhew2019named,
	title={Named Entity Recognition with Partially Annotated Training Data},
	author={Mayhew, Stephen and Chaturvedi, Snigdha and Tsai, Chen-Tse and Roth, Dan},
	booktitle={Proceedings of CoNLL},
	year={2019},
	url={https://www.aclweb.org/anthology/K19-1060.pdf}
}

@inproceedings{yadav2018survey,
	title={A Survey on Recent Advances in Named Entity Recognition from Deep Learning models},
	author={Yadav, Vikas and Bethard, Steven},
	booktitle={Proceedings of COLING},
	year={2018},
	url={https://www.aclweb.org/anthology/C18-1182.pdf}
}

@article{li2018survey,
	title={A survey on deep learning for named entity recognition},
	author={Li, Jing and Sun, Aixin and Han, Jianglei and Li, Chenliang},
	journal={arXiv preprint arXiv:1812.09449},
	year={2018},
	url={https://arxiv.org/pdf/1812.09449.pdf}
}

@inproceedings{kamath2018survey,
	title={A Survey on Semantic Parsing},
	author={Kamath, Aishwarya and Das, Rajarshi},
	booktitle={Proceedings of AKBC},
	year={2018},
	url={https://arxiv.org/pdf/1812.00978.pdf}
}

@inproceedings{grishman1996message,
	title={Message understanding conference-6: A brief history},
	author={Grishman, Ralph and Sundheim, Beth M},
	booktitle={Proceedings of COLING},
	url={https://www.aclweb.org/anthology/C96-1079.pdf},
	year={1996}
}

@inproceedings{xu2016improved,
	title={Improved relation classification by deep recurrent neural networks with data augmentation},
	author={Xu, Yan and Jia, Ran and Mou, Lili and Li, Ge and Chen, Yunchuan and Lu, Yangyang and Jin, Zhi},
	booktitle={Proceedings of COLING},
	year={2016},
	url={https://www.aclweb.org/anthology/C16-1138.pdf}
}

@inproceedings{liu2019towards,
	title={Towards improving neural named entity recognition with gazetteers},
	author={Liu, Tianyu and Yao, Jin-Ge and Lin, Chin-Yew},
	booktitle={Proceedings of ACL},
	year={2019},
	url={https://www.aclweb.org/anthology/P19-1524.pdf}
}

@inproceedings{lin2009phrase,
	title={Phrase clustering for discriminative learning},
	author={Lin, Dekang and Wu, Xiaoyun},
	booktitle={Proceedings of ACL},
	year={2009},
	url={https://www.aclweb.org/anthology/P09-1116.pdf}
}

@inproceedings{passos2014lexicon,
	title={Lexicon Infused Phrase Embeddings for Named Entity Resolution},
	author={Passos, Alexandre and Kumar, Vineet and McCallum, Andrew},
	booktitle={Proceedings of CoNLL},
	year={2014},
	url={https://www.aclweb.org/anthology/W14-1609.pdf}
}

@inproceedings{lin2018neural,
	title={Neural Adaptation Layers for Cross-domain Named Entity Recognition},
	author={Lin, Bill Yuchen and Lu, Wei},
	booktitle={Proceedings of EMNLP},
	year={2018},
	url={https://www.aclweb.org/anthology/D18-1226.pdf}
}
@article{pan2009survey,
	title={A survey on transfer learning},
	author={Pan, Sinno Jialin and Yang, Qiang},
	journal={IEEE Transactions on knowledge and data engineering},
	volume={22},
	number={10},
	pages={1345--1359},
	year={2009},
	publisher={IEEE},
	url={https://www.cse.ust.hk/~qyang/Docs/2009/tkde_transfer_learning.pdf}
}

@article{weiss2016survey,
	title={A survey of transfer learning},
	author={Weiss, Karl and Khoshgoftaar, Taghi M and Wang, DingDing},
	journal={Journal of Big data},
	volume={3},
	number={1},
	pages={9},
	year={2016},
	publisher={SpringerOpen}
}

@inproceedings{yang2017transfer,
	title={Transfer Learning for Sequence Tagging with Hierarchical Recurrent Networks},
	author={Yang, Zhilin and Salakhutdinov, Ruslan and Cohen, William W},
	booktitle={Proceedings of ICLR},
	year={2017},
	url={https://openreview.net/pdf?id=ByxpMd9lx}
}

@inproceedings{yu2018spider,
	title={Spider: A Large-Scale Human-Labeled Dataset for Complex and Cross-Domain Semantic Parsing and Text-to-SQL Task},
	author={Yu, Tao and Zhang, Rui and Yang, Kai and Yasunaga, Michihiro and Wang, Dongxu and Li, Zifan and Ma, James and Li, Irene and Yao, Qingning and Roman, Shanelle and others},
	booktitle={Proceedings of EMNLP},
	year={2018},
	url={https://www.aclweb.org/anthology/D18-1425.pdf}
}

@article{lin2019grammar,
	title={Grammar-based neural text-to-sql generation},
	author={Lin, Kevin and Bogin, Ben and Neumann, Mark and Berant, Jonathan and Gardner, Matt},
	journal={arXiv preprint arXiv:1905.13326},
	year={2019},
	url={https://arxiv.org/pdf/1905.13326.pdf}
}

@article{krishnamurthy2015learning,
	title={Learning a compositional semantics for Freebase with an open predicate vocabulary},
	author={Krishnamurthy, Jayant and Mitchell, Tom M},
	journal={Transactions of the Association for Computational Linguistics},
	volume={3},
	pages={257--270},
	year={2015},
	publisher={MIT Press},
	url={https://www.aclweb.org/anthology/Q15-1019.pdf}
}

@inproceedings{cai2013large,
	title={Large-scale semantic parsing via schema matching and lexicon extension},
	author={Cai, Qingqing and Yates, Alexander},
	booktitle={Proceedings of ACL},
	year={2013},
	url={https://www.aclweb.org/anthology/P13-1042.pdf}
}

@inproceedings{krishnamurthy2016probabilistic,
	title={Probabilistic models for learning a semantic parser lexicon},
	author={Krishnamurthy, Jayant},
	booktitle={Proceedings of NAACL},
	year={2016},
	url={https://www.aclweb.org/anthology/N16-1074.pdf}
}

@inproceedings{krishnamurthy2017neural,
	title={Neural semantic parsing with type constraints for semi-structured tables},
	author={Krishnamurthy, Jayant and Dasigi, Pradeep and Gardner, Matt},
	booktitle={Proceedings of EMNLP},
	year={2017},
	url={https://www.aclweb.org/anthology/D17-1160.pdf}
}

@inproceedings{berant2014semantic,
	title={Semantic parsing via paraphrasing},
	author={Berant, Jonathan and Liang, Percy},
	booktitle={Proceedings of ACL},
	year={2014},
	url={https://www.aclweb.org/anthology/P14-1133.pdf}
}

@inproceedings{poon2013grounded,
	title={Grounded unsupervised semantic parsing},
	author={Poon, Hoifung},
	booktitle={Proceedings of ACL},
	year={2013},
	url={https://www.aclweb.org/anthology/P13-1092.pdf}
}

@inproceedings{banarescu2013abstract,
	title={Abstract meaning representation for sembanking},
	author={Banarescu, Laura and Bonial, Claire and Cai, Shu and Georgescu, Madalina and Griffitt, Kira and Hermjakob, Ulf and Knight, Kevin and Koehn, Philipp and Palmer, Martha and Schneider, Nathan},
	booktitle={Proceedings of the 7th linguistic annotation workshop and interoperability with discourse},
	year={2013},
	url={https://www.aclweb.org/anthology/W13-2322.pdf}
}

@inproceedings{kingsbury2002treebank,
	title={From TreeBank to PropBank},
	author={Kingsbury, Paul and Palmer, Martha},
	booktitle={Proceedings of LREC},
	year={2002},
	url={http://www.lrec-conf.org/proceedings/lrec2002/pdf/283.pdf}
}

@inproceedings{flanigan2014discriminative,
	title={A discriminative graph-based parser for the abstract meaning representation},
	author={Flanigan, Jeffrey and Thomson, Sam and Carbonell, Jaime G and Dyer, Chris and Smith, Noah A},
	booktitle={Proceedings of ACL},
	year={2014},
	url={https://www.aclweb.org/anthology/P14-1134.pdf}
}

@inproceedings{wang2015transition,
	title={A transition-based algorithm for AMR parsing},
	author={Wang, Chuan and Xue, Nianwen and Pradhan, Sameer},
	booktitle={Proceedings of NAACL},
	year={2015},
	url={https://www.aclweb.org/anthology/N15-1040.pdf}
}

@inproceedings{artzi2015broad,
	title={Broad-coverage CCG semantic parsing with AMR},
	author={Artzi, Yoav and Lee, Kenton and Zettlemoyer, Luke},
	booktitle={Proceedings of EMNLP},
	year={2015},
	url={https://www.aclweb.org/anthology/D15-1198.pdf}
}

@inproceedings{wang2015boosting,
	title={Boosting transition-based AMR parsing with refined actions and auxiliary analyzers},
	author={Wang, Chuan and Xue, Nianwen and Pradhan, Sameer},
	booktitle={Proceedings of ACL-IJCNLP},
	year={2015},
	url={https://www.aclweb.org/anthology/P15-2141.pdf}
}

@inproceedings{wang2016camr,
	title={CAMR at semeval-2016 task 8: An extended transition-based AMR parser},
	author={Wang, Chuan and Pradhan, Sameer and Pan, Xiaoman and Ji, Heng and Xue, Nianwen},
	booktitle={Proceedings of SemEval},
	year={2016},
	url={https://www.aclweb.org/anthology/S16-1181.pdf}
}

@inproceedings{misra2016neural,
	title={Neural shift-reduce ccg semantic parsing},
	author={Misra, Dipendra and Artzi, Yoav},
	booktitle={Proceedings of EMNLP},
	year={2016},
	url={https://www.aclweb.org/anthology/D16-1183.pdf}
}

@inproceedings{konstas2017neural,
	title={Neural AMR: Sequence-to-Sequence Models for Parsing and Generation},
	author={Konstas, Ioannis and Iyer, Srinivasan and Yatskar, Mark and Choi, Yejin and Zettlemoyer, Luke},
	booktitle={Proceedings of ACL},
	year={2017},
	url={https://www.aclweb.org/anthology/P17-1014.pdf}
}

@inproceedings{damonte2017incremental,
	title={An Incremental Parser for Abstract Meaning Representation},
	author={Damonte, Marco and Cohen, Shay B and Satta, Giorgio},
	booktitle={Proceedings of EACL},
	year={2017},
	url={https://www.aclweb.org/anthology/E17-1051.pdf}
}

@inproceedings{vilares2018transition,
	title={A Transition-Based Algorithm for Unrestricted AMR Parsing},
	author={Vilares, David and G{\'o}mez-Rodr{\'\i}guez, Carlos},
	booktitle={Proceedings of NAACL},
	year={2018},
	url={https://www.aclweb.org/anthology/N18-2023.pdf}
}

@inproceedings{lyu2018amr,
	title={AMR Parsing as Graph Prediction with Latent Alignment},
	author={Lyu, Chunchuan and Titov, Ivan},
	booktitle={Proceedings of ACL},
	year={2018},
	url={https://www.aclweb.org/anthology/P18-1037.pdf}
}

@inproceedings{sachan2016machine,
	title={Machine comprehension using rich semantic representations},
	author={Sachan, Mrinmaya and Xing, Eric},
	booktitle={Proceedings of ACL},
	year={2016},
	url={https://www.aclweb.org/anthology/P16-2079.pdf}
}

@inproceedings{song2016amr,
	title={AMR-to-text generation as a Traveling Salesman Problem},
	author={Song, Linfeng and Zhang, Yue and Peng, Xiaochang and Wang, Zhiguo and Gildea, Daniel},
	booktitle={Proceedings of EMNLP},
	year={2016},
	url={https://www.aclweb.org/anthology/D16-1224.pdf}
}

@inproceedings{johansson2008dependency,
	title={Dependency-based semantic role labeling of PropBank},
	author={Johansson, Richard and Nugues, Pierre},
	booktitle={Proceedings of EMNLP},
	year={2008},
	url={https://www.aclweb.org/anthology/D08-1008.pdf}
}

@inproceedings{hacioglu2004semantic,
	title={Semantic role labeling using dependency trees},
	author={Hacioglu, Kadri},
	booktitle={Proceedings of COLING},
	year={2004},
	url={https://www.aclweb.org/anthology/C04-1186.pdf}
}

@inproceedings{klein2004parsing,
	title={Parsing and hypergraphs},
	author={Klein, Dan and Manning, Christopher D},
	booktitle={New developments in parsing technology},
	pages={351--372},
	year={2004},
	publisher={Springer}
}

@inproceedings{finkel2009nested,
	title={Nested named entity recognition},
	author={Finkel, Jenny Rose and Manning, Christopher D},
	booktitle={Proceedings of EMNLP},
	year={2009},
	url={https://www.aclweb.org/anthology/N18-1079.pdf}
}

@inproceedings{ahmad2019difficulties,
	title={On Difficulties of Cross-Lingual Transfer with Order Differences: A Case Study on Dependency Parsing},
	author={Ahmad, Wasi and Zhang, Zhisong and Ma, Xuezhe and Hovy, Eduard and Chang, Kai-Wei and Peng, Nanyun},
	booktitle={Proceedings of NAACL},
	year={2019},
	url={https://www.aclweb.org/anthology/N19-1253.pdf}
}

@article{paszke2017automatic,
	title={Automatic differentiation in PyTorch},
	author={Paszke, Adam and Gross, Sam and Chintala, Soumith and Chanan, Gregory and Yang, Edward and DeVito, Zachary and Lin, Zeming and Desmaison, Alban and Antiga, Luca and Lerer, Adam},
	year={2017},
	url={https://openreview.net/pdf?id=BJJsrmfCZ}
}

@inproceedings{martins2019latent,
	title={Latent Structure Models for Natural Language Processing},
	author={Martins, Andr{\'e} FT and Mihaylova, Tsvetomila and Nangia, Nikita and Niculae, Vlad},
	booktitle={Proceedings of ACL},
	year={2019},
	url={https://www.aclweb.org/anthology/P19-4001.pdf}
}

@inproceedings{corro2019learning,
	title={Learning Latent Trees with Stochastic Perturbations and Differentiable Dynamic Programming},
	author={Corro, Caio and Titov, Ivan},
	booktitle={Proceedings of ACL},
	year={2019},
	url={https://www.aclweb.org/anthology/P19-1551.pdf}
}

@article{bengio2013estimating,
	title={Estimating or propagating gradients through stochastic neurons for conditional computation},
	author={Bengio, Yoshua and L{\'e}onard, Nicholas and Courville, Aaron},
	journal={arXiv preprint arXiv:1308.3432},
	year={2013}
}

@article{kingma2014adam,
	title={Adam: A method for stochastic optimization},
	author={Kingma, Diederik P and Ba, Jimmy},
	journal={arXiv preprint arXiv:1412.6980},
	year={2014},
	url={https://arxiv.org/pdf/1308.3432.pdf}
}

@inproceedings{ye2018hybrid,
	title={Hybrid semi-Markov CRF for Neural Sequence Labeling},
	author={Ye, Zhixiu and Ling, Zhen-Hua},
	booktitle={Proceedings of ACL},
	year={2018},
	url={https://www.aclweb.org/anthology/P18-2038.pdf}
}

@book{chomsky2002syntactic,
	title={Syntactic structures},
	author={Chomsky, Noam},
	year={2002},
	publisher={Walter de Gruyter}
}

@article{johnson1998pcfg,
	title={PCFG models of linguistic tree representations},
	author={Johnson, Mark},
	journal={Computational Linguistics},
	volume={24},
	number={4},
	pages={613--632},
	year={1998},
	publisher={MIT Press}
}

@article{kubler2009dependency,
	title={Dependency parsing},
	author={K{\"u}bler, Sandra and McDonald, Ryan and Nivre, Joakim},
	journal={Synthesis lectures on human language technologies},
	volume={1},
	number={1},
	pages={1--127},
	year={2009},
	publisher={Morgan \& Claypool Publishers}
}

@book{miller1999strong,
	title={Strong generative capacity: The semantics of linguistic formalism},
	author={Miller, Philip H},
	year={1999},
	publisher={CSLI publications}
}

@inproceedings{de2006generating,
	title={Generating typed dependency parses from phrase structure parses.},
	author={De Marneffe, Marie-Catherine and MacCartney, Bill and Manning, Christopher D and others},
	booktitle={Lrec},
	volume={6},
	pages={449--454},
	year={2006}
}

@misc{eisenstein2018natural,
	title={Natural language processing},
	author={Eisenstein, Jacob},
	year={2018},
	publisher={Cambridge, MA: The MIT Press}
}