@inproceedings{ma2016end,
	title={End-to-end Sequence Labeling via Bi-directional LSTM-CNNs-CRF},
	author={Ma, Xuezhe and Hovy, Eduard},
	booktitle={Proceedings of ACL},
	year={2016},
	url={http://www.aclweb.org/anthology/P16-1101}
}

@InProceedings{mitchell-EtAl:2013:EMNLP,
	author    = {Mitchell, Margaret  and  Aguilar, Jacqui  and  Wilson, Theresa  and  Van Durme, Benjamin},
	title     = {Open Domain Targeted Sentiment},
	booktitle = {Proceedings of EMNLP},
	year      = {2013},
	url       = {http://www.aclweb.org/anthology/D13-1171}
}

@inproceedings{lample2016neural,
	title={Neural Architectures for Named Entity Recognition},
	author={Lample, Guillaume and Ballesteros, Miguel and Subramanian, Sandeep and Kawakami, Kazuya and Dyer, Chris},
	booktitle={Proceedings of NAACL},
	year={2016},
	url={https://www.aclweb.org/anthology/N16-1030}
}

@InProceedings{D17-1035,
	author = 	"Reimers, Nils
	and Gurevych, Iryna",
	title = 	"Reporting Score Distributions Makes a Difference: Performance Study of LSTM-networks for Sequence Tagging",
	booktitle = 	"Proceedings of EMNLP",
	year = 	"2017",
	url = "http://aclweb.org/anthology/D17-1035"
}

@inproceedings{snow2008cheap,
	title={Cheap and fast---but is it good?: evaluating non-expert annotations for natural language tasks},
	author={Snow, Rion and O'Connor, Brendan and Jurafsky, Daniel and Ng, Andrew Y},
	booktitle={Proceedings of EMNLP},
	year={2008},
	url={http://www.aclweb.org/anthology/D08-1027}
}

@inproceedings{yang2014semi,
	title={Semi-supervised Chinese word segmentation using partial-label learning with conditional random fields},
	author={Yang, Fan and Vozila, Paul},
	booktitle={Proceedings of EMNLP},
	year={2014},
	url={http://aclweb.org/anthology/D14-1010}
}

@inproceedings{yang2018distantly,
	title={Distantly Supervised NER with Partial Annotation Learning and Reinforcement Learning},
	author={Yang, Yaosheng and Chen, Wenliang and Li, Zhenghua and He, Zhengqiu and Zhang, Min},
	booktitle={Proceedings of COLING},
	year={2018},
	url={http://aclweb.org/anthology/C18-1183}
}


@inproceedings{settles2008active,
	title={Active learning with real annotation costs},
	author={Settles, Burr and Craven, Mark and Friedland, Lewis},
	booktitle={Proceedings of NIPS Workshop on Cost-Sensitive Learning},
	year={2008},
	url={http://burrsettles.com/pub/settles.nips08ws.pdf}
}

@inproceedings{surdeanu2010legal,
	title={Legal claim identification: Information extraction with hierarchically labeled data},
	author={Surdeanu, Mihai and Nallapati, Ramesh and Manning, Christopher},
	booktitle={Proceedings of LREC},
	year={2010},
	url={http://www.lrec-conf.org/proceedings/lrec2010/workshops/W23.pdf#page=27}
}

@InProceedings{niu-EtAl:2003:ACL,
	author    = {Cheng Niu  and  Wei Li  and  Jihong Ding  and  Rohini Srihari},
	title     = {A Bootstrapping Approach to Named Entity Classification Using Successive Learners},
	booktitle = {Proceedings of the 41st Annual Meeting of the Association for Computational Linguistics},
	year      = {2003},
	pages     = {335--342},
	url       = {http://www.aclweb.org/anthology/P03-1043}
}


@inproceedings{bellare2007learning,
	title={Learning extractors from unlabeled text using relevant databases},
	author={Bellare, Kedar and McCallum, Andrew},
	booktitle={Proceedings of International Workshop on Information Integration on the Web},
	year={2007},
	url={https://www.aaai.org/Papers/Workshops/2007/WS-07-14/WS07-14-002.pdf}
}


@article{mccallum2000automating,
	title={Automating the construction of internet portals with machine learning},
	author={McCallum, Andrew Kachites and Nigam, Kamal and Rennie, Jason and Seymore, Kristie},
	journal={Information Retrieval},
	volume={3},
	number={2},
	pages={127--163},
	year={2000},
	url={https://doi.org/10.1023/A:1009953814988}
}

@inproceedings{carlson2009learning,
	title={Learning a Named Entity Tagger from Gazetteers with the Partial Perceptron},
	author={Carlson, Andrew and Gaffney, Scott and Vasile, Flavian},
	booktitle={Proceedings of AAAI Spring Symposium: Learning by Reading and Learning to Read},
	year={2009},
	url={https://www.aaai.org/Papers/Symposia/Spring/2009/SS-09-07/SS09-07-003.pdf}
}

@inproceedings{dredze2009sequence,
	title={Sequence learning from data with multiple labels},
	author={Dredze, Mark and Talukdar, Partha Pratim and Crammer, Koby},
	booktitle={Workshop Co-Chairs},
	year={2009}
}

@inproceedings{fernandes2011learning,
	title={Learning from partially annotated sequences},
	author={Fernandes, Eraldo R and Brefeld, Ulf},
	booktitle={Proceedings of ECML-KDD},
	year={2011},
	url={https://link.springer.com/content/pdf/10.1007%2F978-3-642-23780-5_36.pdf}
}

@inproceedings{lou2012structured,
	title={Structured Learning from Partial Annotations},
	author={Lou, Xinghua and Hamprecht, Fred A and HCI, IWR},
	booktitle={Proceedings of ICML},
	year={2012},
	url={https://icml.cc/2012/papers/753.pdf}
}

@inproceedings{sasada2015named,
	title={Named entity recognizer trainable from partially annotated data},
	author={Sasada, Tetsuro and Mori, Shinsuke and Kawahara, Tatsuya and Yamakata, Yoko},
	booktitle={Proceedings of International Conference of the Pacific Association for Computational Linguistics},
	pages={148--160},
	year={2015}
}

@InProceedings{lafferty2001conditional,
	title={Conditional Random Fields: Probabilistic Models for Segmenting and Labeling Sequence Data},
	author={Lafferty, John and McCallum, Andrew and Pereira, Fernando},
	booktitle={Proceedings of ICML},
	year={2001},
	url={http://dl.acm.org/citation.cfm?id=645530.655813}
}


@InProceedings{tsuboi-EtAl:2008:PAPERS,
	author    = {Tsuboi, Yuta  and  Kashima, Hisashi  and  Mori, Shinsuke  and  Oda, Hiroki  and  Matsumoto, Yuji},
	title     = {Training Conditional Random Fields Using Incomplete Annotations},
	booktitle = {Proceedings of COLING},
	year      = {2008},
	url       = {http://www.aclweb.org/anthology/C08-1113}
}

@InProceedings{liu-EtAl:2014:EMNLP2014,
	author    = {Liu, Yijia  and  Zhang, Yue  and  Che, Wanxiang  and  Liu, Ting  and  Wu, Fan},
	title     = {Domain Adaptation for CRF-based Chinese Word Segmentation using Free Annotations},
	booktitle = {Proceedings of EMNLP},
	year      = {2014},
	url       = {http://www.aclweb.org/anthology/D14-1093}
}

@article{liu1989limited,
	title={On the limited memory BFGS method for large scale optimization},
	author={Liu, Dong C and Nocedal, Jorge},
	journal={Mathematical programming},
	volume={45},
	number={1},
	pages={503--528},
	year={1989},
	publisher={Springer}
}

@inproceedings{levow2006third,
	title={The third international Chinese language processing bakeoff: Word segmentation and named entity recognition},
	author={Levow, Gina-Anne},
	booktitle={Proceedings of the Fifth SIGHAN Workshop on Chinese Language Processing},
	pages={108--117},
	year={2006}
}

@InProceedings{zhang-zhang-vo:2015:EMNLP,
	author    = {Zhang, Meishan  and  Zhang, Yue  and  Vo, Duy Tin},
	title     = {Neural Networks for Open Domain Targeted Sentiment},
	booktitle = {Proceedings of the 2015 Conference on Empirical Methods in Natural Language Processing},
	year      = {2015},
	pages     = {612--621},
	url       = {http://aclweb.org/anthology/D15-1073}
}

@InProceedings{das-petrov:2011:ACL-HLT2011,
	author    = {Das, Dipanjan  and  Petrov, Slav},
	title     = {Unsupervised Part-of-Speech Tagging with Bilingual Graph-Based Projections},
	booktitle = {Proceedings of the 49th Annual Meeting of the Association for Computational Linguistics: Human Language Technologies},
	year      = {2011},
	pages     = {600--609},
	url       = {http://www.aclweb.org/anthology/P11-1061}
}

@article{tackstrom2013token,
	title={Token and type constraints for cross-lingual part-of-speech tagging},
	author={T{\"a}ckstr{\"o}m, Oscar and Das, Dipanjan and Petrov, Slav and McDonald, Ryan and Nivre, Joakim},
	journal={Transactions of the Association for Computational Linguistics},
	volume={1},
	pages={1--12},
	year={2013}
}

@inproceedings{sun2011enhancing,
	title={Enhancing Chinese word segmentation using unlabeled data},
	author={Sun, Weiwei and Xu, Jia},
	booktitle={Proceedings of the 2011 Conference on Empirical Methods in Natural Language Processing},
	pages     = {970--979},
	year={2011}
}

@inproceedings{garrette2012type,
	title={Type-supervised hidden markov models for part-of-speech tagging with incomplete tag dictionaries},
	author={Garrette, Dan and Baldridge, Jason},
	booktitle={Proceedings of the 2012 Joint Conference on Empirical Methods in Natural Language Processing and Computational Natural Language Learning},
	pages     = {821--831},
	year={2012}
}

@inproceedings{garrette2013real,
	title={Real-world semi-supervised learning of POS-taggers for low-resource languages},
	author={Garrette, Dan and Mielens, Jason and Baldridge, Jason},
	booktitle={Proceedings of the 51st Annual Meeting of the Association for Computational Linguistics},
	pages     = {583--592},
	year={2013}
}

@inproceedings{garrette2013learning,
	title={Learning a part-of-speech tagger from two hours of annotation},
	author={Garrette, Dan and Baldridge, Jason},
	booktitle={Proceedings of the 2013 Conference of the North American Chapter of the Association for Computational Linguistics: Human Language Technologies},
	pages     = {138--147},
	year={2013}
}

@inproceedings{yang2014semi,
	title={Semi-supervised Chinese word segmentation using partial-label learning with conditional random fields},
	author={Yang, Fan and Vozila, Paul},
	booktitle={Proceedings of the 2014 Conference on Empirical Methods in Natural Language Processing},
	pages     = {90--98},
	year={2014}
}

@inproceedings{tjong2003introduction,
	title={Introduction to the CoNLL-2003 shared task: Language-independent named entity recognition},
	author={Tjong Kim Sang, Erik F and De Meulder, Fien},
	booktitle={Proceedings of CoNLL},
	year={2003},
	url={http://aclweb.org/anthology/W03-0419}
}

@inproceedings{tjong2002introduction,
	title={Introduction to the CoNLL-2002 shared task: Language-independent named entity recognition},
	author={Tjong Kim Sang, Erik F},
	booktitle={Proceedings of CoNLL},
	year={2002},
	url={http://aclweb.org/anthology/W02-2024}
}

@inproceedings{Zettlemoyer:2005:LMS:3020336.3020416,
	author = {Zettlemoyer, Luke S. and Collins, Michael},
	title = {Learning to Map Sentences to Logical Form: Structured Classification with Probabilistic Categorial Grammars},
	booktitle = {Proceedings of the Twenty-First Conference on Uncertainty in Artificial Intelligence},
	year = {2005},
	pages = {658--666},
	url = {http://dl.acm.org/citation.cfm?id=3020336.3020416}
} 

@inproceedings{blunsom2008discriminative,
	title={A discriminative latent variable model for statistical machine translation},
	author={Blunsom, Phil and Cohn, Trevor and Osborne, Miles},
	booktitle={Proceedings of ACL-08: HLT},
	pages={200--208},
	year={2008}
}

@InProceedings{petrov-klein:2008:EMNLP,
	author    = {Petrov, Slav  and  Klein, Dan},
	title     = {Sparse Multi-Scale Grammars for Discriminative Latent Variable Parsing},
	booktitle = {Proceedings of the 2008 Conference on Empirical Methods in Natural Language Processing},
	year      = {2008},
	pages     = {867--876},
	url       = {http://www.aclweb.org/anthology/D08-1091}
}

@InProceedings{nivre2008integrating,
	title={Integrating graph-based and transition-based dependency parsers},
	author={Nivre, Joakim and McDonald, Ryan},
	booktitle={Proceedings of ACL},
	year={2008},
	url       = {http://www.aclweb.org/anthology/P/P08/P08-1108}
}


@incollection{ramshaw1999text,
	title={Text chunking using transformation-based learning},
	author={Ramshaw, Lance A and Marcus, Mitchell P},
	booktitle={Proceedings of Third Workshop on Very Large Corpora},
	year={1999},
	url={https://www.aclweb.org/anthology/W95-0107}
}

@inproceedings{yu2009learning,
	title={Learning structural svms with latent variables},
	author={Yu, Chun-Nam John and Joachims, Thorsten},
	booktitle={Proceedings of ICML},
	year={2009},
	url={http://doi.acm.org/10.1145/1553374.1553523}
}

@inproceedings{collins2002discriminative,
	title={Discriminative training methods for hidden markov models: Theory and experiments with perceptron algorithms},
	author={Collins, Michael},
	booktitle={Proceedings of EMNLP},
	year={2002},
	url={http://www.aclweb.org/anthology/W02-1001}
}

@inproceedings{ratinov2009design,
	title={Design challenges and misconceptions in named entity recognition},
	author={Ratinov, Lev and Roth, Dan},
	booktitle={Proceedings of CoNLL},
	year={2009},
	url={http://www.aclweb.org/anthology/W09-1119}
}

@article{tsochantaridis2005large,
	title={Large margin methods for structured and interdependent output variables},
	author={Tsochantaridis, Ioannis and Joachims, Thorsten and Hofmann, Thomas and Altun, Yasemin},
	journal={Journal of machine learning research},
	volume={6},
	pages={1453--1484},
	year={2005},
	url={http://www.jmlr.org/papers/volume6/tsochantaridis05a/tsochantaridis05a.pdf}
}

@inproceedings{quattoni2005conditional,
	title={Conditional random fields for object recognition},
	author={Quattoni, Ariadna and Collins, Michael and Darrell, Trevor},
	booktitle={Proceedings of NIPS},
	year={2005},
	url={http://papers.nips.cc/paper/2652-conditional-random-fields-for-object-recognition.pdf}
}

@article{hochreiter1997long,
	title={Long short-term memory},
	author={Hochreiter, Sepp and Schmidhuber, J{\"u}rgen},
	journal={Neural computation},
	volume={9},
	number={8},
	pages={1735--1780},
	year={1997},
	url={https://doi.org/10.1162/neco.1997.9.8.1735}
}

@inproceedings{jie2018dependency,
	title={Dependency-based Hybrid Trees for Semantic Parsing},
	author={Jie, Zhanming and Lu, Wei},
	booktitle={Proceedings of the 2018 Conference on Empirical Methods in Natural Language Processing},
	pages={2431--2441},
	year={2018}
}

@inproceedings{jie2017efficient,
	title={Efficient dependency-guided named entity recognition},
	author={Jie, Zhanming and Muis, Aldrian Obaja and Lu, Wei},
	booktitle={Proceedings of AAAI},
	year={2017},
	url={https://aaai.org/ocs/index.php/AAAI/AAAI17/paper/download/14741/14133}
}

@inproceedings{greenberg2018marginal,
	title={Marginal Likelihood Training of BiLSTM-CRF for Biomedical Named Entity Recognition from Disjoint Label Sets},
	author={Greenberg, Nathan and Bansal, Trapit and Verga, Patrick and McCallum, Andrew},
	booktitle={Proceedings of EMNLP},
	year={2018},
	url={http://aclweb.org/anthology/D18-1306}
}