@inproceedings{hu2018aspect,
  title={Aspect-based Question Generation},
  author={Hu, Wenpeng and Liu, Bing and Ma, Jinwen and Zhao, Dongyan and Yan, Rui},
  booktitle={Proceedings of ICLR Workshop},
  year={2018}
}

@inproceedings{jia2016data,
  title={Data recombination for neural semantic parsing},
  author={Jia, Robin and Liang, Percy},
  booktitle={Proceedings of ACL},
  year={2016}
}

@article{zhong2017seq2sql,
  title={Seq2SQL: Generating Structured Queries from Natural Language using Reinforcement Learning},
  author={Zhong, Victor and Xiong, Caiming and Socher, Richard},
  journal={arXiv preprint arXiv:1709.00103},
  year={2017}
}

@inproceedings{yu2018typesql,
  title={TypeSQL: Knowledge-based Type-Aware Neural Text-to-SQL Generation},
  author={Yu, Tao and Li, Zifan and Zhang, Zilin and Zhang, Rui and Radev, Dragomir},
  booktitle={Proceedings of NAACL},
  year={2018}
}

@inproceedings{dong2018coarse,
  title={Coarse-to-Fine Decoding for Neural Semantic Parsing},
  author={Dong, Li and Lapata, Mirella},
  booktitle={Proceedings of ACL},
  year={2018}
}


@article{johnson2016mimic,
  title={MIMIC-III, a freely accessible critical care database},
  author={Johnson, Alistair EW and Pollard, Tom J and Shen, Lu and Lehman, Li-wei H and Feng, Mengling and Ghassemi, Mohammad and Moody, Benjamin and Szolovits, Peter and Celi, Leo Anthony and Mark, Roger G},
  journal={Scientific data},
  volume={3},
  year={2016},
  publisher={Nature Publishing Group}
}

@article{goldberger2000physiobank,
  title={Physiobank, physiotoolkit, and physionet},
  author={Goldberger, Ary L and Amaral, Luis AN and Glass, Leon and Hausdorff, Jeffrey M and Ivanov, Plamen Ch and Mark, Roger G and Mietus, Joseph E and Moody, George B and Peng, Chung-Kang and Stanley, H Eugene},
  journal={Circulation},
  volume={101},
  number={23},
  pages={e215--e220},
  year={2000},
  publisher={Am Heart Assoc}
}


@article{hochreiter1997long,
  title={Long short-term memory},
  author={Hochreiter, Sepp and Schmidhuber, J{\"u}rgen},
  journal={Neural computation},
  volume={9},
  number={8},
  pages={1735--1780},
  year={1997},
  publisher={MIT Press}
}

@inproceedings{sutskever2014sequence,
  title={Sequence to sequence learning with neural networks},
  author={Sutskever, Ilya and Vinyals, Oriol and Le, Quoc V},
  booktitle={Proceedings of NIPS},
  year={2014}
}

@inproceedings{ben2012medical,
  title={Medical question answering: translating medical questions into sparql queries},
  author={Ben Abacha, Asma and Zweigenbaum, Pierre},
  booktitle={Proceedings of the 2nd ACM SIGHIT International Health Informatics Symposium},
  year={2012}
}

@inproceedings{duan2017question,
  title={Question generation for question answering},
  author={Duan, Nan and Tang, Duyu and Chen, Peng and Zhou, Ming},
  booktitle={Proceedings of EMNLP},
  year={2017}
}

@inproceedings{kafle2018dvqa,
  title={DVQA: Understanding Data Visualizations via Question Answering},
  author={Kafle, Kushal and Price, Brian and Cohen, Scott and Kanan, Christopher},
  booktitle={Proceedings of CVPR},
  year={2018}
}

@inproceedings{hu2017answer,
  title={Answer-Aware Attention on Grounded Question Answering in Images},
  author={Hu, Junjie and Fan, Desai and Yao, Shuxin and Oh, Jean},
  booktitle={Proceedings of AAAI 2017 Fall Symposium on Natural Communication for Human-Robot Collaboration},
  year={2017}
}

@article{xu2017sqlnet,
  title={Sqlnet: Generating structured queries from natural language without reinforcement learning},
  author={Xu, Xiaojun and Liu, Chang and Song, Dawn},
  journal={arXiv preprint arXiv:1711.04436},
  year={2017}
}

@inproceedings{roberts2017semantic,
  title={A Semantic Parsing Method for Mapping Clinical Questions to Logical Forms},
  author={Roberts, Kirk and Patra, Braja Gopal},
  booktitle={Proceedings of AMIA Annual Symposium},
  year={2017}
}

@inproceedings{dong2016language,
  title={Language to logical form with neural attention},
  author={Dong, Li and Lapata, Mirella},
  booktitle={Proceedings of ACL},
  year={2016}
}

@article{mccann2018natural,
  title={The natural language decathlon: Multitask learning as question answering},
  author={McCann, Bryan and Keskar, Nitish Shirish and Xiong, Caiming and Socher, Richard},
  journal={arXiv preprint arXiv:1806.08730},
  year={2018}
}


@article{wang2018pointing,
  title={Pointing Out SQL Queries From Text},
  author={Wang, Chenglong and Brockschmidt, Marc and Singh, Rishabh},
  journal={Technical report.},
  year={2018}
}

@article{cafarella2008webtables,
  title={Webtables: exploring the power of tables on the web},
  author={Cafarella, Michael J and Halevy, Alon and Wang, Daisy Zhe and Wu, Eugene and Zhang, Yang},
  journal={Proceedings of the VLDB Endowment},
  volume={1},
  number={1},
  pages={538--549},
  year={2008},
  publisher={VLDB Endowment}
}

@inproceedings{das2012finding,
  title={Finding related tables},
  author={Das Sarma, Anish and Fang, Lujun and Gupta, Nitin and Halevy, Alon and Lee, Hongrae and Wu, Fei and Xin, Reynold and Yu, Cong},
  booktitle={Proceedings of SIGMOD},
  year={2012}
}

@article{pimplikar2012answering,
  title={Answering table queries on the web using column keywords},
  author={Pimplikar, Rakesh and Sarawagi, Sunita},
  journal={Proceedings of the VLDB Endowment},
  volume={5},
  number={10},
  pages={908--919},
  year={2012},
  publisher={VLDB Endowment}
}

@inproceedings{sun2016table,
  title={Table cell search for question answering},
  author={Sun, Huan and Ma, Hao and He, Xiaodong and Yih, Wen-tau and Su, Yu and Yan, Xifeng},
  booktitle={Proceedings of WWW},
  year={2016}
}

@article{pasupat2015compositional,
  title={Compositional semantic parsing on semi-structured tables},
  author={Pasupat, Panupong and Liang, Percy},
  journal={Proceedings of the ACL},
  year={2015}
}

@article{yih2015semantic,
  title={Semantic parsing via staged query graph generation: Question answering with knowledge base},
  author={Yih, Scott Wen-tau and Chang, Ming-Wei and He, Xiaodong and Gao, Jianfeng},
  journal={Proceedings of ACL-IJCNLP},
  year={2015}
}

@article{yin2015neural,
  title={Neural enquirer: Learning to query tables with natural language},
  author={Yin, Pengcheng and Lu, Zhengdong and Li, Hang and Kao, Ben},
  journal={Proceedings of NAACL Workshop on Human-Computer Question Answering},
  year={2016}
}

@article{lukovnikov2018translating,
  title={Translating Natural Language to SQL using Pointer-Generator Networks and How Decoding Order Matters},
  author={Lukovnikov, Denis and Chakraborty, Nilesh and Lehmann, Jens and Fischer, Asja},
  journal={arXiv preprint arXiv:1811.05303},
  year={2018}
}

@inproceedings{lin2004rouge,
	title={ROUGE: A Package for Automatic Evaluation of Summaries},
	author={Lin, Chin-Yew},
	booktitle={Proceedings of ACL Workshop on Text Summarization Branches Out},
	year={2004}
}

@inproceedings{finegan2018improving,
  title={Improving text-to-sql evaluation methodology},
  author={Finegan-Dollak, Catherine and Kummerfeld, Jonathan K and Zhang, Li and Ramanathan, Karthik and Sadasivam, Sesh and Zhang, Rui and Radev, Dragomir},
  booktitle={Proceedings of ACL},
  year={2018}
}

@inproceedings{iyer2017learning,
  title={Learning a neural semantic parser from user feedback},
  author={Iyer, Srinivasan and Konstas, Ioannis and Cheung, Alvin and Krishnamurthy, Jayant and Zettlemoyer, Luke},
  booktitle={Proceedings of ACL},
  pages={963--973},
  year={2017}
}


@inproceedings{flanigan2014discriminative,
  title={A discriminative graph-based parser for the abstract meaning representation},
  author={Flanigan, Jeffrey and Thomson, Sam and Carbonell, Jaime and Dyer, Chris and Smith, Noah A},
  booktitle={Proceedings of ACL},
  year={2014}
}

@InProceedings{jie2018dependency, 
author = {Jie, Zhanming and Lu, Wei}, 
title = {Dependency-based Hybrid Trees for Semantic Parsing}, 
booktitle = {Proceedings of EMNLP}, 
year = {2018} 
}

@inproceedings{lu2014semantic,
	title={Semantic parsing with relaxed hybrid trees},
	author={Lu, Wei},
	booktitle={Proceedings of EMNLP},
	year={2014}
}

@inproceedings{zelle1996learning,
	title={Learning to parse database queries using inductive logic programming},
	author={Zelle, John M and Mooney, Raymond J},
	booktitle={Proceedings of AAAI},
	year={1996}
}

@inproceedings{kate2005learning,
	title={Learning to transform natural to formal languages},
	author={Kate, Rohit J and Wong, Yuk Wah and Mooney, Raymond J},
	booktitle={Proceedings of AAAI},
	year={2005},
}

@inproceedings{cheng2017learning,
	title={Learning Structured Natural Language Representations for Semantic Parsing},
	author={Cheng, Jianpeng and Reddy, Siva and Saraswat, Vijay and Lapata, Mirella},
	booktitle={Proceedings of ACL},
	year={2017}
}

@InProceedings{lafferty2001conditional,
	title={Conditional Random Fields: Probabilistic Models for Segmenting and Labeling Sequence Data},
	author={Lafferty, John and McCallum, Andrew and Pereira, Fernando},
	booktitle={Proceedings of ICML},
	year={2001}
}

@inproceedings{quattoni2005conditional,
	title={Conditional random fields for object recognition},
	author={Quattoni, Ariadna and Collins, Michael and Darrell, Trevor},
	booktitle={Proceedings of NIPS},
	year={2005}
}

@article{liu1989limited,
	title={On the limited memory BFGS method for large scale optimization},
	author={Liu, Dong C and Nocedal, Jorge},
	journal={Mathematical programming},
	volume={45},
	number={1},
	pages={503--528},
	year={1989},
	publisher={Springer}
}

@article{baker1979trainable,
	title={Trainable grammars for speech recognition},
	author={Baker, James K},
	journal={The Journal of the Acoustical Society of America},
	volume={65},
	number={S1},
	pages={S132--S132},
	year={1979}
}

@incollection{eisner2000bilexical,
	title={Bilexical grammars and their cubic-time parsing algorithms},
	author={Eisner, Jason},
	booktitle={Advances in probabilistic and other parsing technologies},
	pages={29--61},
	year={2000},
	publisher={Springer}
}

@inproceedings{koo2010efficient,
	title={Efficient third-order dependency parsers},
	author={Koo, Terry and Collins, Michael},
	booktitle={Proceedings of ACL},
	year={2010}
}

@inproceedings{shi2017fast,
	title={Fast (er) Exact Decoding and Global Training for Transition-Based Dependency Parsing via a Minimal Feature Set},
	author={Shi, Tianze and Huang, Liang and Lee, Lillian},
	booktitle={Proceedings of EMNLP},
	year={2017}
}

@inproceedings{durrett2015neural,
	title={Neural CRF Parsing},
	author={Durrett, Greg and Klein, Dan},
	booktitle={Proceedings of ACL-IJCNLP},
	year={2015}
}


@inproceedings{yu2018spider,
  title={Spider: A Large-Scale Human-Labeled Dataset for Complex and Cross-Domain Semantic Parsing and Text-to-SQL Task},
  author={Yu, Tao and Zhang, Rui and Yang, Kai and Yasunaga, Michihiro and Wang, Dongxu and Li, Zifan and Ma, James and Li, Irene and Yao, Qingning and Roman, Shanelle and others},
  booktitle={Proceedings of EMNLP},
  pages={3911--3921},
  year={2018}
}

@inproceedings{zettlemoyer2005learning,
	title={Learning to map sentences to logical form: Structured classification with probabilistic categorial grammars},
	author={Zettlemoyer, Luke S and Collins, Michael},
	booktitle={Proceedings of UAI},
	year={2005}
}

@inproceedings{chamberlin1974sequel,
	title={SEQUEL: A structured English query language},
	author={Chamberlin, Donald D and Boyce, Raymond F},
	booktitle={Proceedings of ACM SIGFIDET},
	year={1974}
}

@inproceedings{banarescu2013abstract,
	title={Abstract meaning representation for sembanking},
	author={Banarescu, Laura and Bonial, Claire and Cai, Shu and Georgescu, Madalina and Griffitt, Kira and Hermjakob, Ulf and Knight, Kevin and Koehn, Philipp and Palmer, Martha and Schneider, Nathan},
	booktitle={Proceedings of the 7th Linguistic Annotation Workshop and Interoperability with Discourse},
	year={2013}
}

@inproceedings{see2017get,
	title={Get To The Point: Summarization with Pointer-Generator Networks},
	author={See, Abigail and Liu, Peter J and Manning, Christopher D},
	booktitle={Proceedings of ACL},
	year={2017}
}

@article{shi2018neural,
	title={Neural Abstractive Text Summarization with Sequence-to-Sequence Models},
	author={Shi, Tian and Keneshloo, Yaser and Ramakrishnan, Naren and Reddy, Chandan K},
	journal={arXiv preprint arXiv:1812.02303},
	year={2018}
}

@inproceedings{popescu2003towards,
	title={Towards a theory of natural language interfaces to databases},
	author={Popescu, Ana-Maria and Etzioni, Oren and Kautz, Henry},
	booktitle={Proceedings of the 8th International Conference on Intelligent User Interfaces},
	year={2003}
}

@inproceedings{tang2001using,
	title={Using multiple clause constructors in inductive logic programming for semantic parsing},
	author={Tang, Lappoon R and Mooney, Raymond J},
	booktitle={Proceedings of ECML},
	year={2001}
}

@article{li2014constructing,
	title={Constructing an interactive natural language interface for relational databases},
	author={Li, Fei and Jagadish, HV},
	journal={Proceedings of the VLDB Endowment},
	volume={8},
	number={1},
	pages={73--84},
	year={2014},
	publisher={VLDB Endowment}
}

@inproceedings{yu2018syntaxsqlnet,
	title={SyntaxSQLNet: Syntax Tree Networks for Complex and Cross-Domain Text-to-SQL Task},
	author={Yu, Tao and Yasunaga, Michihiro and Yang, Kai and Zhang, Rui and Wang, Dongxu and Li, Zifan and Radev, Dragomir},
	booktitle={Proceedings of EMNLP},
	year={2018}
}

@inproceedings{lu2008generative,
	title={A generative model for parsing natural language to meaning representations},
	author={Lu, Wei and Ng, Hwee Tou and Lee, Wee Sun and Zettlemoyer, Luke S},
	booktitle={Proceedings of EMNLP},
	year={2008}
}